@ARTICLE{5128907,
  author={He, Haibo and Garcia, Edwardo A.},
  journal={IEEE Transactions on Knowledge and Data Engineering}, 
  title={Learning from Imbalanced Data}, 
  year={2009},
  volume={21},
  number={9},
  pages={1263-1284},
  doi={10.1109/TKDE.2008.239}}
  
@article{hammad2021myocardial,
  title={Myocardial infarction detection based on deep neural network on imbalanced data},
  author={Hammad, Mohamed and Alkinani, Monagi H and Gupta, BB and El-Latif, Abd and Ahmed, A},
  journal={Multimedia Systems},
  pages={1--13},
  year={2021},
  publisher={Springer}
}

@article{cheng2022covid,
  title={COVID-19 mortality prediction in the intensive care unit with deep learning based on longitudinal chest X-rays and clinical data},
  author={Cheng, Jianhong and Sollee, John and Hsieh, Celina and Yue, Hailin and Vandal, Nicholas and Shanahan, Justin and Choi, Ji Whae and Tran, Thi My Linh and Halsey, Kasey and Iheanacho, Franklin and others},
  journal={European radiology},
  pages={1--11},
  year={2022},
  publisher={Springer}
}

@article{yao2021machine,
  title={A machine learning-based pulmonary venous obstruction prediction model using clinical data and CT image},
  author={Yao, Zeyang and Hu, Xinrong and Liu, Xiaobing and Xie, Wen and Dong, Yuhao and Qiu, Hailong and Chen, Zewen and Shi, Yiyu and Xu, Xiaowei and Huang, Meiping and others},
  journal={International Journal of Computer Assisted Radiology and Surgery},
  volume={16},
  number={4},
  pages={609--617},
  year={2021},
  publisher={Springer}
}

@inproceedings{raihan2021chronic,
  title={Chronic Renal Disease Prediction using Clinical Data and Different Machine Learning Techniques},
  author={Raihan, Md Mohsin Sarker and Ahmed, Eshtiak and Karim, Asif and Azam, Sami and Raihan, M and Akter, Laboni and Hassan, Md Mehedi},
  booktitle={2021 2nd International Informatics and Software Engineering Conference (IISEC)},
  pages={1--5},
  year={2021},
  organization={IEEE}
}

@article{shiri2021machine,
  title={Machine learning-based prognostic modeling using clinical data and quantitative radiomic features from chest CT images in COVID-19 patients},
  author={Shiri, Isaac and Sorouri, Majid and Geramifar, Parham and Nazari, Mostafa and Abdollahi, Mohammad and Salimi, Yazdan and Khosravi, Bardia and Askari, Dariush and Aghaghazvini, Leila and Hajianfar, Ghasem and others},
  journal={Computers in biology and medicine},
  volume={132},
  pages={104304},
  year={2021},
  publisher={Elsevier}
}

@article{pickhardt2020opportunistic,
author = {Pickhardt, Perry and Graffy, Peter and Zea, Ryan and Lee, Scott and Liu, Jiamin and Sandfort, Veit and Summers, Ronald},
year = {2020},
month = {06},
pages = {},
title = {Opportunistic Screening for Metabolic Syndrome in Asymptomatic Adults Utilizing Fully Automated Abdominal CT-based Biomarkers},
volume = {216},
journal = {American Journal of Roentgenology},
doi = {10.2214/AJR.20.23049}
}