





@article{doi:10.2214/AJR.20.23049,
author = {Pickhardt, Perry J. and Graffy, Peter M. and Zea, Ryan and Lee, Scott J. and Liu, Jiamin and Sandfort, Veit and Summers, Ronald M.},
title = {Utilizing Fully Automated Abdominal CTâ€“Based Biomarkers for Opportunistic Screening for Metabolic Syndrome in Adults Without Symptoms},
journal = {American Journal of Roentgenology},
volume = {216},
number = {1},
pages = {85-92},
year = {2021},
doi = {10.2214/AJR.20.23049},
    note ={PMID: 32603223},

URL = { 
        https://doi.org/10.2214/AJR.20.23049
    
},
eprint = { 
        https://doi.org/10.2214/AJR.20.23049
    
}

}


